<?xml version="1.0" encoding="UTF-8"?><collection xmlns="http://www.loc.gov/MARC21/slim"><record><leader>00512nam--2200205-i-4500</leader><controlfield tag="001">000030690</controlfield><controlfield tag="002">20161230</controlfield><controlfield tag="005">20161230201038</controlfield><controlfield tag="008">060222s1000------------r-----000-0-eng-d</controlfield><datafield ind1=" " ind2=" " tag="020"><subfield code="a">cze</subfield></datafield><datafield ind1=" " ind2=" " tag="040"><subfield code="a">IFIN-HH</subfield></datafield><datafield ind1=" " ind2=" " tag="041"><subfield code="a">cze</subfield></datafield><datafield ind1=" " ind2=" " tag="080"><subfield code="a">538.911</subfield></datafield><datafield ind1="1" ind2=" " tag="100"><subfield code="a">Litzman, Otto</subfield></datafield><datafield ind1="1" ind2="0" tag="245"><subfield code="a">Uziti group ve fyzice</subfield><subfield code="c">Otto litzman, milan sekanina</subfield></datafield><datafield ind1=" " ind2=" " tag="260"><subfield code="a">Praha</subfield><subfield code="b">Csekoslovenska Akademie Ved</subfield><subfield code="c">1982</subfield></datafield><datafield ind1=" " ind2=" " tag="300"><subfield code="a">275P</subfield></datafield><datafield ind1="1" ind2=" " tag="700"><subfield code="a">Sekanina, Milan</subfield></datafield><datafield ind1=" " ind2=" " tag="852"><subfield code="a">70454</subfield><subfield code="c">539.2</subfield></datafield><datafield ind1=" " ind2=" " tag="CAT"><subfield code="a">Sys</subfield><subfield code="c">20121105</subfield><subfield code="h">172436</subfield></datafield></record></collection>